<record><leader>00000cas a22000007a 4500</leader><controlfield tag="001">37291299</controlfield><controlfield tag="008">970714d19uu19uumeuwr ne      0    0eng d</controlfield><datafield ind1=" " ind2=" " tag="010"><subfield code="a">sn 97062713 </subfield></datafield><datafield ind1=" " ind2=" " tag="040"><subfield code="a">MBN</subfield><subfield code="b">eng</subfield><subfield code="c">MBN</subfield><subfield code="d">OCLCQ</subfield><subfield code="d">OCLCO</subfield><subfield code="d">OCLCF</subfield><subfield code="d">OCL</subfield></datafield><datafield ind1=" " ind2=" " tag="042"><subfield code="a">msc</subfield></datafield><datafield ind1=" " ind2=" " tag="043"><subfield code="a">n-us-me</subfield></datafield><datafield ind1="0" ind2="0" tag="245"><subfield code="a">South Berwick news.</subfield></datafield><datafield ind1="1" ind2="3" tag="246"><subfield code="a">York County pioneer</subfield></datafield><datafield ind1=" " ind2=" " tag="260"><subfield code="a">South Berwick, Me. :</subfield><subfield code="b">York Press Corp.</subfield></datafield><datafield ind1=" " ind2=" " tag="300"><subfield code="a">v.</subfield></datafield><datafield ind1=" " ind2=" " tag="310"><subfield code="a">Weekly</subfield></datafield><datafield ind1=" " ind2=" " tag="500"><subfield code="a">Running title includes location: Eliot, Me.</subfield></datafield><datafield ind1=" " ind2=" " tag="588"><subfield code="a">Description based on: Vol. 7, no. 6 (Nov. 2, 1923).</subfield></datafield><datafield ind1=" " ind2="0" tag="651"><subfield code="a">South Berwick (Me.)</subfield><subfield code="v">Newspapers.</subfield></datafield><datafield ind1=" " ind2="0" tag="651"><subfield code="a">Eliot (Me.)</subfield><subfield code="v">Newspapers.</subfield></datafield><datafield ind1=" " ind2="7" tag="651"><subfield code="a">Maine</subfield><subfield code="z">Eliot (Town)</subfield><subfield code="2">fast</subfield><subfield code="0">(OCoLC)fst01331759</subfield></datafield><datafield ind1=" " ind2="7" tag="651"><subfield code="a">Maine</subfield><subfield code="z">South Berwick.</subfield><subfield code="2">fast</subfield><subfield code="0">(OCoLC)fst01208775</subfield></datafield><datafield ind1=" " ind2="7" tag="655"><subfield code="a">Newspapers.</subfield><subfield code="2">fast</subfield><subfield code="0">(OCoLC)fst01423814</subfield></datafield><datafield ind1=" " ind2=" " tag="752"><subfield code="a">United States</subfield><subfield code="b">Maine</subfield><subfield code="c">York</subfield><subfield code="d">South Berwick.</subfield></datafield><datafield ind1="0" ind2=" " tag="775"><subfield code="t">Old York transcript (York Village, Me.)</subfield><subfield code="w">(DLC)sn 99066553</subfield></datafield></record>